% Encoding utf-8

@PhdThesis{Paris2020,
  author      = {Paris, Jascha},
  title       = {Steuerungs- und Regelungsstrategien f√ºr die haptische Simulation und Synthese von Getrieben},
  institution = {RWTH Aachen University},
  date        = {2020},
  type        = {Dissertation},
  location    = {Aachen},
  doi	      = {10.18154/RWTH-2020-03049}
}
